@inproceedings{ballard1987modular,
  title={Modular Learning in Neural Networks.},
  author={Ballard, Dana H},
  booktitle={AAAI},
  pages={279--284},
  year={1987}
}

@book{kutner2005applied,
  title={Applied linear statistical models},
  author={Kutner, Michael H and Nachtsheim, Christopher J and Neter, John and Li, William and others},
  volume={5},
  year={2005},
  publisher={McGraw-Hill Irwin New York}
}

@book{hastie2009elements,
  title={The elements of statistical learning: data mining, inference, and prediction},
  author={Hastie, Trevor and Tibshirani, Robert and Friedman, Jerome},
  year={2009},
  publisher={Springer Science \& Business Media}
}

@inproceedings{bhadani2019real,
  title={Real-time distance estimation and filtering of vehicle headways for smoothing of traffic waves},
  author={Bhadani, Rahul and Bunting, Matthew and Seibold, Benjamin and Stern, Raphael and Cui, Shumo and Sprinkle, Jonathan and Piccoli, Benedetto and Work, Daniel B},
  booktitle={Proceedings of the 10th ACM/IEEE International Conference on Cyber-Physical Systems},
  pages={280--290},
  year={2019}
}